<record><leader>00000cas a2200000 a 4500</leader><controlfield tag="001">22443535</controlfield><controlfield tag="008">900927d18921905iluwr ne      0   a0eng c</controlfield><datafield ind1=" " ind2=" " tag="010"><subfield code="a">sn 89080065 </subfield></datafield><datafield ind1=" " ind2=" " tag="040"><subfield code="a">NPV</subfield><subfield code="b">eng</subfield><subfield code="c">NPV</subfield><subfield code="d">NVF</subfield><subfield code="d">CVF</subfield><subfield code="d">NVF</subfield><subfield code="d">OCLCF</subfield><subfield code="d">NVF</subfield><subfield code="d">OCLCO</subfield></datafield><datafield ind1="1" ind2=" " tag="029"><subfield code="a">AU@</subfield><subfield code="b">000020608033</subfield></datafield><datafield ind1=" " ind2=" " tag="042"><subfield code="a">pcc</subfield></datafield><datafield ind1=" " ind2=" " tag="043"><subfield code="a">n-us-il</subfield></datafield><datafield ind1="0" ind2=" " tag="130"><subfield code="a">Marengo news (Marengo, Ill.)</subfield></datafield><datafield ind1="1" ind2="4" tag="245"><subfield code="a">The Marengo news.</subfield></datafield><datafield ind1=" " ind2=" " tag="260"><subfield code="a">Marengo, Ill. :</subfield><subfield code="b">E.M. Van De Carr</subfield></datafield><datafield ind1=" " ind2=" " tag="300"><subfield code="a">v.</subfield></datafield><datafield ind1=" " ind2=" " tag="310"><subfield code="a">Weekly</subfield></datafield><datafield ind1="1" ind2=" " tag="362"><subfield code="a">Began in 1892; ceased in 1905.</subfield></datafield><datafield ind1=" " ind2=" " tag="580"><subfield code="a">Merged with: Marengo Republican (Marengo, Ill.), to form: Marengo Republican-news.</subfield></datafield><datafield ind1=" " ind2=" " tag="588"><subfield code="a">Description based on: Vol. 1, no. 6 (Nov. 9, 1892).</subfield></datafield><datafield ind1=" " ind2=" " tag="588"><subfield code="a">Latest issue consulted: Aug. 31, 1905.</subfield></datafield><datafield ind1=" " ind2="0" tag="651"><subfield code="a">Marengo (Ill.)</subfield><subfield code="v">Newspapers.</subfield></datafield><datafield ind1=" " ind2="7" tag="651"><subfield code="a">Illinois</subfield><subfield code="z">Marengo.</subfield><subfield code="2">fast</subfield><subfield code="0">(OCoLC)fst01232878</subfield></datafield><datafield ind1=" " ind2="7" tag="655"><subfield code="a">Newspapers.</subfield><subfield code="2">fast</subfield><subfield code="0">(OCoLC)fst01423814</subfield></datafield><datafield ind1=" " ind2=" " tag="752"><subfield code="a">United States</subfield><subfield code="b">Illinois</subfield><subfield code="c">McHenry</subfield><subfield code="d">Marengo.</subfield></datafield><datafield ind1="1" ind2="7" tag="785"><subfield code="t">Marengo Republican (Marengo, Ill.)</subfield><subfield code="w">(DLC)sn 93057213</subfield><subfield code="w">(OCoLC)29392270</subfield></datafield><datafield ind1="1" ind2="7" tag="785"><subfield code="t">Marengo Republican-news</subfield><subfield code="w">(DLC)sn 94054418</subfield><subfield code="w">(OCoLC)30790607</subfield></datafield></record>